@article{test18,
 author			= "test1",
 yomi			= "test2",
 title			= "test3",
 journal		= "test4",
 volume			= "test5",
 number			= "test6",
 pages			= "7-9",
 year			= "2018",
}


\begin{comment}
@article{,
 author			= "",
 yomi			= "",
 title			= "",
 journal		= "",
 volume			= "",
 number			= "",
 pages			= "",
 year			= "",
}

@book{,
 author			= "",
 editor			= "",
 yomi			= "",
 title			= "",
 publisher		= "",
 volume			= "",
 number			= "",
 pages			= "",
 year			= "",
}
\end{comment}
